<?xml version="1.0" encoding="UTF-8"?><collection xmlns="http://www.loc.gov/MARC21/slim"><record><leader>00335nam--2200109-i-4500</leader><controlfield tag="001">000031545</controlfield><controlfield tag="002">20161230</controlfield><controlfield tag="005">20161230201038</controlfield><controlfield tag="008">060222s1000------------r-----000-0-eng-d</controlfield><datafield ind1=" " ind2=" " tag="245"><subfield code="a">Manuel d`applications. semiconducteurs. electronique professionnelle. electronique industrielle</subfield></datafield><datafield ind1=" " ind2=" " tag="260"><subfield code="a">Paris, Gauthier-villars, 1962, 340p</subfield></datafield><datafield ind1=" " ind2=" " tag="852"><subfield code="a">22186</subfield></datafield></record></collection>